@InProceedings{drozd2016,
  author =  {Drozd, Aleksandr
		and Gladkova, Anna
		and Matsuoka, Satoshi},
  title =  {Word Embeddings, Analogies, and Machine Learning: Beyond king - man + woman = queen},
  booktitle =  {Proceedings of COLING 2016, the 26th International Conference on Computational Linguistics: Technical Papers},
  year =  {2016},
  publisher =  {The COLING 2016 Organizing Committee},
  pages =  {3519--3530},
  location =  {Osaka, Japan},
  url =  {http://aclweb.org/anthology/C16-1332},
  keywords= {minor},
}

@article{rosch1975,
	doi = {10.1016/0010-0285(75)90024-9},
	url = {https://doi.org/10.1016/0010-0285(75)90024-9},
	year  = {1975},
	month = {10},
	publisher = {Elsevier {BV}},
	volume = {7},
	number = {4},
	pages = {573--605},
	author = {Eleanor Rosch and Carolyn B Mervis},
	title = {Family resemblances: Studies in the internal structure of categories},
	journal = {Cognitive Psychology},
	keywords={main},
}

@book{wittgenstein1953,
	added-at = {2009-04-23T12:38:37.000+0200},
	address = {Oxford},
	author = {Wittgenstein, Ludwig},
	biburl = {https://www.bibsonomy.org/bibtex/2b4d2e81ab3f24192708770d7eecb925b/kurtjx},
	interhash = {ff9819fd63cca58a28b07e6c46e83050},
	intrahash = {b4d2e81ab3f24192708770d7eecb925b},
	key = {Wittgenstein},
	keywords = {investigations philosophical},
	note = {Translated by G.E.M. Anscombe},
	publisher = {Blackwell},
	timestamp = {2009-04-23T12:38:37.000+0200},
	title = {Philosophical Investigations},
	year = 1953,
	keywords={main},
}
@incollection{frome2013,
	title = {DeViSE: A Deep Visual-Semantic Embedding Model},
	author = {Frome, Andrea and Corrado, Greg S and Shlens, Jon and Bengio, Samy and Dean, Jeff and Ranzato, Marc\textquotesingle Aurelio and Mikolov, Tomas},
	booktitle = {Advances in Neural Information Processing Systems 26},
	editor = {C. J. C. Burges and L. Bottou and M. Welling and Z. Ghahramani and K. Q. Weinberger},
	pages = {2121--2129},
	year = {2013},
	publisher = {Curran Associates, Inc.},
	url = {http://papers.nips.cc/paper/5204-devise-a-deep-visual-semantic-embedding-model.pdf},
	keywords={minor},
}

@inproceedings{raynal2018,
	author       = {Raynal, Lucas and Clément, Evelyne and Sander, Emmanuel},
	title        = {Structural similarity superiority in a free-recall reminding paradigm},
	date         = {2018},
	booktitleaddon= {40th Annual Meeting of the Cognitive Sciences Society},
	location     = {Madison (USA)},
	keywords={minor},
}
@misc{socher2016,
	author={Richard Socher and Francois Chaubard and Rohit
	Mundra},
	title={CS 224D: Deep Learning for NLP},
	year={2016},
	month={4},
	note={Note de cours, Université de Stanford},
	keywords={main},
}
@INPROCEEDINGS{pennington2014,
	author = {Jeffrey Pennington and Richard Socher and Christopher D. Manning},
	title = {Glove: Global vectors for word representation},
	booktitle = {In EMNLP},
	year = {2014},
	keywords={main},
}
@article{pigliucci2003,
	doi = {10.1002/bies.10284},
	url = {https://doi.org/10.1002/bies.10284},
	year  = {2003},
	month = {5},
	publisher = {Wiley},
	volume = {25},
	number = {6},
	pages = {596--602},
	author = {Massimo Pigliucci},
	title = {Species as family resemblance concepts: The (dis-)solution of the species problem?},
	journal = {{BioEssays}},
	keywords={minor},
}
@book{lakoff1980,
	added-at = {2016-12-24T16:12:14.000+0100},
	address = {Chicago},
	author = {Lakoff, George and Johnson, Mark},
	biburl = {https://www.bibsonomy.org/bibtex/28c59e91679dc6ae18dd576f6ef87b10e/flint63},
	description = {Paperback 2003 & deutsche Ausgabe 2007},
	file = {Scan:1900-99/LakoffJohnson80.pdf:PDF;Amazon Search inside:http\://www.amazon.de/gp/reader/0226468003/:URL},
	groups = {public},
	interhash = {6f7be595042d359dafc88e78aef0274f},
	intrahash = {8c59e91679dc6ae18dd576f6ef87b10e},
	isbn = {978-0-226-46800-6},
	keywords = {01624 103 book shelf cognitive science language processing semantic knowledge},
	publisher = {University of Chicago Press},
	timestamp = {2017-07-13T17:27:56.000+0200},
	title = {Metaphors we Live by},
	username = {flint63},
	year = 1980,
	keywords={minor},
}
@article{Erk2012,
	doi = {10.1002/lnco.362},
	url = {https://doi.org/10.1002/lnco.362},
	year  = {2012},
	month = {10},
	publisher = {Wiley},
	volume = {6},
	number = {10},
	pages = {635--653},
	author = {Katrin Erk},
	title = {Vector Space Models of Word Meaning and Phrase Meaning: A Survey},
	journal = {Language and Linguistics Compass},
	keywords={minor},
}

@article{mikolov2013,
	title={Efficient Estimation of Word Representations in Vector Space},
	author={Tomas Mikolov and Kai Chen and Gregory S. Corrado and Jeffrey Dean},
	journal={CoRR},
	year={2013},
	volume={abs/1301.3781},
	keywords={main},
}

@article{rosch1973,
	doi = {10.1016/0010-0285(73)90017-0},
	url = {https://doi.org/10.1016/0010-0285(73)90017-0},
	year  = {1973},
	month = {5},
	publisher = {Elsevier {BV}},
	volume = {4},
	number = {3},
	pages = {328--350},
	author = {Eleanor H. Rosch},
	title = {Natural categories},
	journal = {Cognitive Psychology},
	keywords={main},
}
